@misc{SRA,
  title         = {Distributed Mechanism Design in Social Networks},
  author        = {Haoxin Liu and Yao Zhang and Dengji Zhao},
  year          = {2023},
  eprint        = {2303.03077},
  archiveprefix = {arXiv},
  primaryclass  = {cs.GT}
}

@inproceedings{mechanism-design-in-social-network,
  author    = {Li, Bin and Hao, Dong and Zhao, Dengji and Zhou, Tao},
  title     = {Mechanism Design in Social Networks},
  year      = {2017},
  publisher = {AAAI Press},
  booktitle = {Proceedings of the Thirty-First AAAI Conference on Artificial Intelligence},
  pages     = {586â€“592},
  numpages  = {7},
  location  = {San Francisco, California, USA},
  series    = {AAAI'17}
}


@article{IDM,
  title    = {Diffusion auction design},
  journal  = {Artificial Intelligence},
  volume   = {303},
  pages    = {103631},
  year     = {2022},
  issn     = {0004-3702},
  doi      = {https://doi.org/10.1016/j.artint.2021.103631},
  author   = {Bin Li and Dong Hao and Hui Gao and Dengji Zhao},
  keywords = {Mechanism design, Auction, Information diffusion, Social network, Revenue optimization}
}

@inproceedings{DNA,
  author    = {Xu, Junping and He, Xin and Zhao, Dengji},
  title     = {Double Auction Design on Networks},
  year      = {2019},
  isbn      = {9781450376563},
  publisher = {Association for Computing Machinery},
  address   = {New York, NY, USA},
  doi       = {10.1145/3356464.3357708},
  booktitle = {Proceedings of the First International Conference on Distributed Artificial Intelligence},
  articleno = {8},
  numpages  = {6},
  keywords  = {double auction, mechanism design, social network},
  location  = {Beijing, China},
  series    = {DAI '19}
}


@article{MUDAN-MUDAR,
  title   = {Multi-unit Auction over a Social Network},
  author  = {Fang, Yuan and Zhang, Mengxiao and Liu, Jiamou and Khoussainov, Bakh and Xiao, Mingyu},
  journal = {arXiv preprint arXiv:2302.08924},
  year    = {2023}
}

@article{LDM,
  title   = {Diffusion multi-unit auctions with diminishing marginal utility buyers},
  author  = {Liu, Haolin and Lian, Xinyuan and Zhao, Dengji},
  journal = {arXiv preprint arXiv:2201.08616},
  year    = {2022}
}

@article{MYERSON1983265,
  title   = {Efficient mechanisms for bilateral trading},
  journal = {Journal of Economic Theory},
  volume  = {29},
  number  = {2},
  pages   = {265-281},
  year    = {1983},
  issn    = {0022-0531},
  doi     = {https://doi.org/10.1016/0022-0531(83)90048-0},
  url     = {https://www.sciencedirect.com/science/article/pii/0022053183900480},
  author  = {Roger B Myerson and Mark A Satterthwaite}
}

@article{GIDM,
  author     = {Dengji Zhao and
                Bin Li and
                Junping Xu and
                Dong Hao and
                Nicholas R. Jennings},
  title      = {Selling Multiple Items via Social Networks},
  journal    = {CoRR},
  volume     = {abs/1903.02703},
  year       = {2019},
  url        = {http://arxiv.org/abs/1903.02703},
  eprinttype = {arXiv},
  eprint     = {1903.02703},
  timestamp  = {Sat, 23 Jan 2021 01:11:31 +0100},
  biburl     = {https://dblp.org/rec/journals/corr/abs-1903-02703.bib},
  bibsource  = {dblp computer science bibliography, https://dblp.org}
}

@article{DNA-MU,
  author     = {Takehiro Kawasaki and
                Nathana{\"{e}}l Barrot and
                Seiji Takanashi and
                Taiki Todo and
                Makoto Yokoo},
  title      = {Strategy-Proof and Non-Wasteful Multi-Unit Auction via Social Network},
  journal    = {CoRR},
  volume     = {abs/1911.08809},
  year       = {2019},
  url        = {http://arxiv.org/abs/1911.08809},
  eprinttype = {arXiv},
  eprint     = {1911.08809},
  timestamp  = {Tue, 03 Dec 2019 14:15:54 +0100},
  biburl     = {https://dblp.org/rec/journals/corr/abs-1911-08809.bib},
  bibsource  = {dblp computer science bibliography, https://dblp.org}
}
