@misc{liu2023distributed,
  title         = {Distributed Mechanism Design in Social Networks},
  author        = {Haoxin Liu and Yao Zhang and Dengji Zhao},
  year          = {2023},
  eprint        = {2303.03077},
  archiveprefix = {arXiv},
  primaryclass  = {cs.GT}
}

@article{DBLP:journals/corr/LiHZZ17,
  author     = {Bin Li and
                Dong Hao and
                Dengji Zhao and
                Tao Zhou},
  title      = {Mechanism Design in Social Networks},
  journal    = {CoRR},
  volume     = {abs/1702.03627},
  year       = {2017},
  url        = {http://arxiv.org/abs/1702.03627},
  eprinttype = {arXiv},
  eprint     = {1702.03627},
  timestamp  = {Sat, 23 Jan 2021 01:12:31 +0100},
  biburl     = {https://dblp.org/rec/journals/corr/LiHZZ17.bib},
  bibsource  = {dblp computer science bibliography, https://dblp.org}
}

@article{DBLP:journals/corr/abs-1905-09604,
  author     = {Bin Li and
                Dong Hao and
                Dengji Zhao and
                Makoto Yokoo},
  title      = {Diffusion and Auction on Graphs},
  journal    = {CoRR},
  volume     = {abs/1905.09604},
  year       = {2019},
  url        = {http://arxiv.org/abs/1905.09604},
  eprinttype = {arXiv},
  eprint     = {1905.09604},
  timestamp  = {Wed, 08 Jan 2020 12:15:48 +0100},
  biburl     = {https://dblp.org/rec/journals/corr/abs-1905-09604.bib},
  bibsource  = {dblp computer science bibliography, https://dblp.org}
}

@article{zhao2019selling,
  title={Selling multiple items via social networks},
  author={Zhao, Dengji and Li, Bin and Xu, Junping and Hao, Dong and Jennings, Nicholas R},
  journal={arXiv preprint arXiv:1903.02703},
  year={2019}
}

@inproceedings{stannat2021achieving,
  title={Achieving Sybil-Proofness in Distributed Work Systems.},
  author={Stannat, Alexander and Ileri, Can Umut and Gijswijt, Dion and Pouwelse, Johan},
  booktitle={AAMAS},
  pages={1263--1271},
  year={2021}
}
