@inproceedings{mechanism-design-in-social-network,
  author    = {Li, Bin and Hao, Dong and Zhao, Dengji and Zhou, Tao},
  title     = {Mechanism Design in Social Networks},
  year      = {2017},
  publisher = {AAAI Press},
  booktitle = {Proceedings of the Thirty-First AAAI Conference on Artificial Intelligence},
  pages     = {586â€“592},
  numpages  = {7},
  location  = {San Francisco, California, USA},
  series    = {AAAI'17}
}


@article{IDM,
  title    = {Diffusion auction design},
  journal  = {Artificial Intelligence},
  volume   = {303},
  pages    = {103631},
  year     = {2022},
  issn     = {0004-3702},
  doi      = {https://doi.org/10.1016/j.artint.2021.103631},
  author   = {Bin Li and Dong Hao and Hui Gao and Dengji Zhao},
  keywords = {Mechanism design, Auction, Information diffusion, Social network, Revenue optimization}
}

@inproceedings{DNA,
  author    = {Xu, Junping and He, Xin and Zhao, Dengji},
  title     = {Double Auction Design on Networks},
  year      = {2019},
  isbn      = {9781450376563},
  publisher = {Association for Computing Machinery},
  address   = {New York, NY, USA},
  doi       = {10.1145/3356464.3357708},
  booktitle = {Proceedings of the First International Conference on Distributed Artificial Intelligence},
  articleno = {8},
  numpages  = {6},
  keywords  = {double auction, mechanism design, social network},
  location  = {Beijing, China},
  series    = {DAI '19}
}


@article{MUDAN-MUDAR,
  title   = {Multi-unit Auction over a Social Network},
  author  = {Fang, Yuan and Zhang, Mengxiao and Liu, Jiamou and Khoussainov, Bakh and Xiao, Mingyu},
  journal = {arXiv preprint arXiv:2302.08924},
  year    = {2023}
}

@article{LDM,
  title   = {Diffusion multi-unit auctions with diminishing marginal utility buyers},
  author  = {Liu, Haolin and Lian, Xinyuan and Zhao, Dengji},
  journal = {arXiv preprint arXiv:2201.08616},
  year    = {2022}
}

@article{MYERSON1983265,
  title   = {Efficient mechanisms for bilateral trading},
  journal = {Journal of Economic Theory},
  volume  = {29},
  number  = {2},
  pages   = {265-281},
  year    = {1983},
  issn    = {0022-0531},
  doi     = {https://doi.org/10.1016/0022-0531(83)90048-0},
  url     = {https://www.sciencedirect.com/science/article/pii/0022053183900480},
  author  = {Roger B Myerson and Mark A Satterthwaite}
}

@misc{takanashi2019efficiency,
  title={Efficiency in Truthful Auctions via a Social Network}, 
  author={Seiji Takanashi and Takehiro Kawasaki and Taiki Todo and Makoto Yokoo},
  year={2019},
  eprint={1904.12422},
  archivePrefix={arXiv},
  primaryClass={econ.TH}
}

@misc{segalhalevi2017muda,
      title={MUDA: A Truthful Multi-Unit Double-Auction Mechanism}, 
      author={Erel Segal-Halevi and Avinatan Hassidim and Yonatan Aumann},
      year={2017},
      eprint={1712.06848},
      archivePrefix={arXiv},
      primaryClass={cs.GT}
}


@article{clarke1971multipart,
  title={Multipart pricing of public goods},
  author={Clarke, Edward H},
  journal={Public choice},
  pages={17--33},
  year={1971},
  publisher={JSTOR}
}
